@article{scrivener_eeg_2019,
	title = {An {EEG} study of detection without localisation in change blindness},
	copyright = {Â© 2019, Posted by Cold Spring Harbor Laboratory. This pre-print is available under a Creative Commons License (Attribution-NonCommercial-NoDerivs 4.0 International), CC BY-NC-ND 4.0, as described at http://creativecommons.org/licenses/by-nc-nd/4.0/},
	url = {https://www.biorxiv.org/content/10.1101/513697v1},
	doi = {10.1101/513697},
	language = {en},
	urldate = {2019-02-28},
	journal = {bioRxiv},
	author = {Scrivener, Catriona L. and Malik, Asad and Marsh, Jade and Lindner, Michael and Roesch, Etienne},
	month = jan,
	year = {2019},
	pages = {513697},
	file = {Full Text }}
